@book{agresti2012categorical,
  title = {Categorical data analysis},
  author = {Agresti, A.},
  year = {2012},
  publisher = {John Wiley \& Sons}
}

@article{asante2022entrepreneurial,
  title = {Entrepreneurial career persistence of hybrid entrepreneurs: The opposing moderating roles of wage work-to-entrepreneurship enrichment and entrepreneurship-to-wage work enrichment},
  author = {Asante, E. A. and Danquah, B. and Oduro, F. and Affum-Osei, E. and Twumasi, M. A. and Azunu, C. and Li, C.},
  journal = {Journal of Vocational Behavior},
  volume = {132},
  pages = {103660},
  year = {2022}
}

@misc{bls_umpires,
  title = {Occupational Outlook Handbook for Umpires, Referees, and Other Sports Official},
  author = {{BLS}},
  year = {n.d.},
  url = {https://www.bls.gov/ooh/entertainment-and-sports/umpires-referees-and-other-sports-officials.htm},
  note = {Accessed: 2025}
}

@article{burtch2018can,
  title = {Can you gig it? An empirical examination of the gig economy and entrepreneurial activity},
  author = {Burtch, G. and Carnahan, S. and Greenwood, B. N.},
  journal = {Management Science},
  volume = {64},
  number = {12},
  pages = {5497--5520},
  year = {2018}
}

@article{chen1998does,
  title = {Does entrepreneurial self-efficacy distinguish entrepreneurs from managers?},
  author = {Chen, C. C. and Greene, P. G. and Crick, A.},
  journal = {Journal of Business Venturing},
  volume = {13},
  number = {4},
  pages = {295--316},
  year = {1998}
}

@article{denoble1999entrepreneurial,
  title = {Entrepreneurial self-efficacy: The development of a measure and its relationship to entrepreneurial action},
  author = {De Noble, A. F. and Jung, D. and Ehrlich, S. B.},
  journal = {Frontiers of entrepreneurship research},
  volume = {1999},
  number = {1},
  pages = {73--87},
  year = {1999}
}

@article{devries2020explaining,
  title = {Explaining entrepreneurial performance of solo self-employed from a motivational perspective},
  author = {de Vries, N. and Liebregts, W. and van Stel, A.},
  journal = {Small Business Economics},
  volume = {55},
  number = {2},
  pages = {447--460},
  year = {2020}
}

@article{folta2010hybrid,
  title = {Hybrid entrepreneurship},
  author = {Folta, T. B. and Delmar, F. and Wennberg, K.},
  journal = {Management Science},
  volume = {56},
  number = {2},
  pages = {253--269},
  year = {2010}
}

@article{henley2007entrepreneurial,
  title = {Entrepreneurial aspiration and transition into self-employment: evidence from British longitudinal data},
  author = {Henley, A.},
  journal = {Entrepreneurship \& Regional Development},
  volume = {19},
  number = {3},
  pages = {253--280},
  year = {2007}
}

@article{howard2024guaranteed,
  title = {Guaranteed Basic Income from the Perspective of Self-Determination Theory},
  author = {Howard, J. L.},
  journal = {Journal of Management Studies},
  volume = {n/a},
  number = {n/a},
  year = {2024}
}

@misc{irs2024independent,
  title = {Independent contractor defined},
  author = {{IRS}},
  year = {2024},
  url = {https://www.irs.gov/businesses/small-businesses-self-employed/independent-contractor-defined},
  note = {Internal Revenue Service}
}

@article{kuhnen2018noncognitive,
  title = {Noncognitive abilities and financial delinquency: The role of self‚Äêefficacy in avoiding financial distress},
  author = {Kuhnen, C. M. and Melzer, B. T.},
  journal = {The Journal of Finance},
  volume = {73},
  number = {6},
  pages = {2837--2869},
  year = {2018}
}

@article{lengermann2015adjunct,
  title = {Adjunct Faculty and NFL Referees: The Appropriation of Value from Professional Part-Time Workers},
  author = {Lengermann, P. and Niebrugge, G.},
  journal = {WorkingUSA},
  volume = {18},
  number = {3},
  pages = {405--420},
  year = {2015}
}

@article{lewis1999after,
  title = {After Further Review, Are Sports Officials Independent Contractors},
  author = {Lewis, D. M. H.},
  journal = {Workers' Comp. LR},
  volume = {21},
  pages = {229},
  year = {1999}
}

@article{lumpkin2009understanding,
  title = {Understanding and Measuring Autonomy: An Entrepreneurial Orientation Perspective},
  author = {Lumpkin, G. T. and Cogliser, C. C. and Schneider, D. R.},
  journal = {Entrepreneurship Theory and Practice},
  volume = {33},
  number = {1},
  pages = {47--69},
  year = {2009}
}

@article{pollack2019hybrid,
  title = {Hybrid entrepreneurs' self-efficacy and persistence change: A longitudinal exploration},
  author = {Pollack, J. M. and Carr, J. C. and Michaelis, T. L. and Marshall, D. R.},
  journal = {Journal of Business Venturing Insights},
  volume = {12},
  pages = {e00143},
  year = {2019}
}

@article{raffiee2014should,
  title = {Should I quit my day job?: A hybrid path to entrepreneurship},
  author = {Raffiee, J. and Feng, J.},
  journal = {Academy of Management Journal},
  volume = {57},
  number = {4},
  pages = {936--963},
  year = {2014}
}

@article{ryan2000self,
  title = {Self-determination theory and the facilitation of intrinsic motivation, social development, and well-being},
  author = {Ryan, R. M. and Deci, E. L.},
  journal = {American psychologist},
  volume = {55},
  number = {1},
  pages = {68},
  year = {2000}
}

@article{shepherd2022machines,
  title = {Machines augmenting entrepreneurs: Opportunities (and threats) at the Nexus of artificial intelligence and entrepreneurship},
  author = {Shepherd, D. A. and Majchrzak, A.},
  journal = {Journal of Business Venturing},
  volume = {37},
  number = {4},
  pages = {106227},
  year = {2022}
}

@article{shepherd2015thinking,
  title = {Thinking About Entrepreneurial Decision Making: Review and Research Agenda},
  author = {Shepherd, D. A. and Williams, T. A. and Patzelt, H.},
  journal = {Journal of Management},
  volume = {41},
  number = {1},
  pages = {11--46},
  year = {2015}
}

@incollection{tong2020relative,
  title = {How does relative income affect entry into pure and hybrid entrepreneurship?},
  author = {Tong, D. and Tzabbar, D. and Park, H. D.},
  booktitle = {Employee Inter-and Intra-Firm Mobility: Taking Stock of What We Know, Identifying Novel Insights and Setting a Theoretical and Empirical Agenda},
  pages = {365--383},
  year = {2020},
  publisher = {Emerald Publishing Limited}
}

@misc{spectator_sports_2024,
  title = {Comprehensive Spectator Sports Market Analysis 2024: Size, Share, And Key Trends},
  year = {2024},
  url = {https://blog.tbrc.info/2024/10/spectator-sports-market-analysis/},
  note = {Latest Global Market Insights By The Business Research Company}
}

@article{adebusuyi2021predicting,
  title = {Predicting hybrid entrepreneurship among secondary school teachers in Nigeria},
  author = {Adebusuyi, A. S. and Adebusuyi, O. F.},
  journal = {African Journal of Economic and Management Studies},
  volume = {12},
  number = {4},
  pages = {516--530},
  year = {2021}
}

@book{agresti2012categorical,
  title = {Categorical data analysis},
  author = {Agresti, A.},
  year = {2012},
  publisher = {John Wiley \& Sons}
}

@article{aladejebi2020hybrid,
  title = {Hybrid entrepreneurship: Combining employment and self employment in Nigeria},
  author = {Aladejebi, O.},
  journal = {Archives of Business Review--Vol},
  volume = {8},
  number = {7},
  year = {2020}
}

@article{aldrich1994fools,
  title = {Fools rush in? The institutional context of industry creation},
  author = {Aldrich, H. E. and Fiol, C. M.},
  journal = {Academy of Management Review},
  volume = {19},
  number = {4},
  pages = {645--670},
  year = {1994}
}

@article{alvarez2014entrepreneurial,
  title = {Entrepreneurial Opportunities and Poverty Alleviation},
  author = {Alvarez, S. A. and Barney, J. B.},
  journal = {Entrepreneurship Theory and Practice},
  volume = {38},
  number = {1},
  pages = {159--184},
  year = {2014}
}

@article{amit1995push,
  title = {"Push" and "pull" entrepreneurship},
  author = {Amit, R. and Muller, E.},
  journal = {Journal of Small Business \& Entrepreneurship},
  volume = {12},
  number = {4},
  pages = {64--80},
  year = {1995}
}

@article{asante2022entrepreneurial,
  title = {Entrepreneurial career persistence of hybrid entrepreneurs: The opposing moderating roles of wage work-to-entrepreneurship enrichment and entrepreneurship-to-wage work enrichment},
  author = {Asante, E. A. and Danquah, B. and Oduro, F. and Affum-Osei, E. and Twumasi, M. A. and Azunu, C. and Li, C.},
  journal = {Journal of Vocational Behavior},
  volume = {132},
  pages = {103660},
  year = {2022}
}

@misc{atlas_popular_sports,
  title = {The Most Popular Sports In The World},
  author = {{World Atlas}},
  year = {n.d.},
  url = {https://www.worldatlas.com/articles/what-are-the-most-popular-sports-in-the-world.html},
  note = {WorldAtlas.com, Accessed: 2025}
}

@article{audia2006less,
  title = {Less Likely to Fail: Low Performance, Firm Size, and Factory Expansion in the Shipbuilding Industry},
  author = {Audia, P. G. and Greve, H. R.},
  journal = {Management Science},
  volume = {52},
  number = {1},
  pages = {83--94},
  year = {2006}
}

@article{baker2024silicon,
  title = {Silicon Valley entrepreneurship--Revisiting a popular dream},
  author = {Baker, T. and Welter, F.},
  journal = {Journal of Business Venturing Insights},
  volume = {21},
  number = {C},
  year = {2024}
}

@article{balcaen2012firm,
  title = {Firm exit after distress: differentiating between bankruptcy, voluntary liquidation and M\&A},
  author = {Balcaen, S. and Manigart, S. and Buyze, J. and Ooghe, H.},
  journal = {Small Business Economics},
  volume = {39},
  number = {4},
  pages = {949--975},
  year = {2012}
}

@book{bandura1997self,
  title = {Self-efficacy: the exercise of control},
  author = {Bandura, A.},
  year = {1997},
  publisher = {W.H. Freeman},
  address = {New York}
}

@article{barley1991introduction,
  title = {Introduction: At the intersection of organizations and occupations},
  author = {Barley, S. R. and Tolbert, P. S.},
  journal = {Research in the Sociology of Organizations},
  volume = {8},
  pages = {1--13},
  year = {1991}
}

@article{barrett1995independent,
  title = {Independent contractor/employee classification in the entertainment industry: The old, the new and the continuing uncertainty},
  author = {Barrett, M.},
  journal = {University of Miami Entertainment \& Sports Law Review},
  volume = {13},
  pages = {91},
  year = {1995}
}

@article{bearden2006measure,
  title = {A measure of long-term orientation: Development and validation},
  author = {Bearden, W. O. and Money, R. B. and Nevins, J. L.},
  journal = {Journal of the Academy of Marketing Science},
  volume = {34},
  number = {3},
  pages = {456--467},
  year = {2006}
}

@misc{bls_umpires,
  title = {Occupational Outlook Handbook for Umpires, Referees, and Other Sports Official},
  author = {{BLS}},
  year = {n.d.},
  url = {https://www.bls.gov/ooh/entertainment-and-sports/umpires-referees-and-other-sports-officials.htm},
  note = {Accessed: 2025}
}

@article{brockner1992escalation,
  title = {The escalation of commitment to a failing course of action: Toward theoretical progress},
  author = {Brockner, J.},
  journal = {Academy of Management Review},
  volume = {17},
  number = {1},
  pages = {39--61},
  year = {1992}
}

@misc{broughton2022participation,
  title = {Participation numbers, gear prices grow},
  author = {Broughton, D.},
  year = {2022},
  url = {https://www.sportsbusinessjournal.com/Journal/Issues/2022/06/13/Portfolio/Research.aspx},
  note = {Sports Business Journal}
}

@article{browder2019emergence,
  title = {The emergence of the maker movement: Implications for entrepreneurship research},
  author = {Browder, R. E. and Aldrich, H. E. and Bradley, S. W.},
  journal = {Journal of Business Venturing},
  volume = {34},
  number = {3},
  pages = {459--476},
  year = {2019}
}

@article{burgelman1994fading,
  title = {Fading Memories: A Process Theory of Strategic Business Exit in Dynamic Environments},
  author = {Burgelman, R. A.},
  journal = {Administrative Science Quarterly},
  volume = {39},
  number = {1},
  pages = {24--56},
  year = {1994}
}

@article{burtch2018can,
  title = {Can you gig it? An empirical examination of the gig economy and entrepreneurial activity},
  author = {Burtch, G. and Carnahan, S. and Greenwood, B. N.},
  journal = {Management Science},
  volume = {64},
  number = {12},
  pages = {5497--5520},
  year = {2018}
}

@article{caliendo2020entrepreneurial,
  title = {Entrepreneurial persistence beyond survival: Measurement and determinants},
  author = {Caliendo, M. and Goethner, M. and Wei{\ss}enberger, M.},
  journal = {Journal of Small Business Management},
  volume = {58},
  number = {3},
  pages = {617--647},
  year = {2020}
}

@article{cardon2015entrepreneurial,
  title = {Entrepreneurial passion as mediator of the self--efficacy to persistence relationship},
  author = {Cardon, M. S. and Kirk, C. P.},
  journal = {Entrepreneurship Theory and Practice},
  volume = {39},
  number = {5},
  pages = {1027--1050},
  year = {2015}
}

@article{cardon2009nature,
  title = {The nature and experience of entrepreneurial passion},
  author = {Cardon, M. S. and Wincent, J. and Singh, J. and Drnovsek, M.},
  journal = {Academy of Management Review},
  volume = {34},
  number = {3},
  pages = {511--532},
  year = {2009}
}

@article{chen1998does,
  title = {Does entrepreneurial self-efficacy distinguish entrepreneurs from managers?},
  author = {Chen, C. C. and Greene, P. G. and Crick, A.},
  journal = {Journal of Business Venturing},
  volume = {13},
  number = {4},
  pages = {295--316},
  year = {1998}
}

@article{choi2008when,
  title = {When should entrepreneurs expedite or delay opportunity exploitation?},
  author = {Choi, Y. R. and L{\'e}vesque, M. and Shepherd, D. A.},
  journal = {Journal of Business Venturing},
  volume = {23},
  number = {3},
  pages = {333--355},
  year = {2008}
}

@article{churchill2023negative,
  title = {Negative life events and entrepreneurship},
  author = {Churchill, S. A. and Smyth, R. and Trinh, T.-A.},
  journal = {Journal of Business Research},
  volume = {155},
  pages = {113443},
  year = {2023}
}

@article{denoble1999entrepreneurial,
  title = {Entrepreneurial self-efficacy: The development of a measure and its relationship to entrepreneurial action},
  author = {De Noble, A. F. and Jung, D. and Ehrlich, S. B.},
  journal = {Frontiers of entrepreneurship research},
  volume = {1999},
  number = {1},
  pages = {73--87},
  year = {1999}
}

@article{devries2020explaining,
  title = {Explaining entrepreneurial performance of solo self-employed from a motivational perspective},
  author = {de Vries, N. and Liebregts, W. and van Stel, A.},
  journal = {Small Business Economics},
  volume = {55},
  number = {2},
  pages = {447--460},
  year = {2020}
}

@article{douglas2000entrepreneurship,
  title = {Entrepreneurship as a utility maximizing response},
  author = {Douglas, E. J. and Shepherd, D. A.},
  journal = {Journal of Business Venturing},
  volume = {15},
  number = {3},
  pages = {231--251},
  year = {2000}
}

@article{dvoulety2023exploring,
  title = {Exploring individual and family-related characteristics of hybrid entrepreneurs},
  author = {Dvoulet{\'y}, O. and B{\"o}genhold, D.},
  journal = {Entrepreneurship Research Journal},
  volume = {13},
  number = {3},
  pages = {693--723},
  year = {2023}
}

@article{dyer2021who,
  title = {Who should become a business school associate dean? Individual performance and taking on firm-specific roles},
  author = {Dyer, J. and Kryscynski, D. and Law, C. and Morris, S.},
  journal = {Academy of Management Journal},
  volume = {64},
  number = {5},
  pages = {1605--1624},
  year = {2021}
}

@article{farmer2011behavioral,
  title = {The Behavioral Impact of Entrepreneur Identity Aspiration and Prior Entrepreneurial Experience},
  author = {Farmer, S. M. and Yao, X. and Kung--Mcintyre, K.},
  journal = {Entrepreneurship Theory and Practice},
  volume = {35},
  number = {2},
  pages = {245--273},
  year = {2011}
}

@article{folta2010hybrid,
  title = {Hybrid entrepreneurship},
  author = {Folta, T. B. and Delmar, F. and Wennberg, K.},
  journal = {Management Science},
  volume = {56},
  number = {2},
  pages = {253--269},
  year = {2010}
}

@misc{folta2024call,
  title = {Call for Papers. Mapping the landscape of hybrid entrepreneurship and understanding its implications for entrepreneurship research},
  author = {Folta, T. B. and L{\'e}vesque, M. and Schulz, M. and Schwens, C. and Wennberg, K.},
  year = {2024},
  journal = {Entrepreneurship Theory and Practice}
}

@article{gentry2016long,
  title = {Long--Term Orientation in Publicly Traded Family Businesses: Evidence of a Dominant Logic},
  author = {Gentry, R. and Dibrell, C. and Kim, J.},
  journal = {Entrepreneurship Theory and Practice},
  volume = {40},
  number = {4},
  pages = {733--757},
  year = {2016}
}

@article{gist1992self,
  title = {Self-Efficacy: A Theoretical Analysis of Its Determinants and Malleability},
  author = {Gist, M. E. and Mitchell, T. R.},
  journal = {Academy of Management Review},
  volume = {17},
  number = {2},
  pages = {183--211},
  year = {1992}
}

@book{glaser1999discovery,
  title = {Discovery of Grounded Theory: Strategies for Qualitative Research},
  author = {Glaser, B. and Strauss, A.},
  year = {1999},
  edition = {1st},
  publisher = {Routledge}
}

@article{gras2014risky,
  title = {Risky business? The survival implications of exploiting commercial opportunities by nonprofits},
  author = {Gras, D. and Mendoza-Abarca, K. I.},
  journal = {Journal of Business Venturing},
  volume = {29},
  number = {3},
  pages = {392--404},
  year = {2014}
}

@techreport{hammarstrom2014pursuing,
  title = {Pursuing hybrid entrepreneurship in Academia: A study about identifying influencing factors correlated to academic entrepreneurship},
  author = {Hammarstr{\"o}m, N. and Nyl{\'e}n, V.},
  year = {2014},
  institution = {Ume{\aa} University}
}

@article{henley2007entrepreneurial,
  title = {Entrepreneurial aspiration and transition into self-employment: evidence from British longitudinal data},
  author = {Henley, A.},
  journal = {Entrepreneurship \& Regional Development},
  volume = {19},
  number = {3},
  pages = {253--280},
  year = {2007}
}

@article{henrekson2005entrepreneurship,
  title = {Entrepreneurship: a weak link in the welfare state?},
  author = {Henrekson, M.},
  journal = {Industrial and Corporate Change},
  volume = {14},
  number = {3},
  pages = {437--467},
  year = {2005}
}

@article{hessels2008entrepreneurial,
  title = {Entrepreneurial aspirations, motivations, and their drivers},
  author = {Hessels, J. and van Gelderen, M. and Thurik, R.},
  journal = {Small Business Economics},
  volume = {31},
  number = {3},
  pages = {323--339},
  year = {2008}
}

@misc{irs2024independent,
  title = {Independent contractor defined},
  author = {{IRS}},
  year = {2024},
  url = {https://www.irs.gov/businesses/small-businesses-self-employed/independent-contractor-defined},
  note = {Internal Revenue Service}
}

@article{jessri2020employees,
  title = {Employees' decision to participate in corporate venturing: A conjoint experiment of financial and non-financial motivations},
  author = {Jessri, M. and Kosmidou, V. and Ahuja, M. K.},
  journal = {Journal of Business Venturing Insights},
  volume = {13},
  pages = {e00161},
  year = {2020}
}

@article{kahneman1979prospect,
  title = {Prospect Theory: An Analysis of Decision under Risk},
  author = {Kahneman, D. and Tversky, A.},
  journal = {Econometrica},
  volume = {47},
  number = {2},
  pages = {263--292},
  year = {1979}
}

@article{kolvereid1992growth,
  title = {Growth aspirations among Norwegian entrepreneurs},
  author = {Kolvereid, L.},
  journal = {Journal of Business Venturing},
  volume = {7},
  number = {3},
  pages = {209--222},
  year = {1992}
}

@article{kuhnen2018noncognitive,
  title = {Noncognitive abilities and financial delinquency: The role of self‚Äêefficacy in avoiding financial distress},
  author = {Kuhnen, C. M. and Melzer, B. T.},
  journal = {The Journal of Finance},
  volume = {73},
  number = {6},
  pages = {2837--2869},
  year = {2018}
}

@article{lebreton2006why,
  title = {Why Do Some Family Businesses Out--Compete? Governance, Long--Term Orientations, and Sustainable Capability},
  author = {Le Breton--Miller, I. and Miller, D.},
  journal = {Entrepreneurship Theory and Practice},
  volume = {30},
  number = {6},
  pages = {731--746},
  year = {2006}
}

@article{lee2011how,
  title = {How do bankruptcy laws affect entrepreneurship development around the world?},
  author = {Lee, S.-H. and Yamakawa, Y. and Peng, M. W. and Barney, J. B.},
  journal = {Journal of Business Venturing},
  volume = {26},
  number = {5},
  pages = {505--520},
  year = {2011}
}

@article{lengermann2015adjunct,
  title = {Adjunct Faculty and NFL Referees: The Appropriation of Value from Professional Part-Time Workers},
  author = {Lengermann, P. and Niebrugge, G.},
  journal = {WorkingUSA},
  volume = {18},
  number = {3},
  pages = {405--420},
  year = {2015}
}

@article{lewis1999after,
  title = {After Further Review, Are Sports Officials Independent Contractors},
  author = {Lewis, D. M. H.},
  journal = {Workers' Comp. LR},
  volume = {21},
  pages = {229},
  year = {1999}
}

@article{lewis2024doing,
  title = {Doing the right things at the right times: The role of temporal enactment in venture outcome attainment},
  author = {Lewis, T. and Hechavarr√≠¬≠a, D. M. and Williams, D. W. and Cardon, M. S.},
  journal = {Journal of Business Venturing},
  volume = {39},
  number = {1},
  pages = {106344},
  year = {2024}
}

@article{luc2018hybrid,
  title = {Hybrid entrepreneurship: Employees climbing the entrepreneurial ladder},
  author = {Luc, S. and Chirita, G. M. and Delvaux, E. and Kepnou, A. K.},
  journal = {International Review of Entrepreneurship},
  volume = {16},
  number = {1},
  pages = {89--114},
  year = {2018}
}

@article{lumpkin2011long,
  title = {Long--Term Orientation and Intertemporal Choice in Family Firms},
  author = {Lumpkin, G. T. and Brigham, K. H.},
  journal = {Entrepreneurship Theory and Practice},
  volume = {35},
  number = {6},
  pages = {1149--1169},
  year = {2011}
}

@article{lumpkin2010long,
  title = {Long-term orientation: Implications for the entrepreneurial orientation and performance of family businesses},
  author = {Lumpkin, G. T. and Brigham, K. H. and Moss, T. W.},
  journal = {Entrepreneurship \& Regional Development},
  volume = {22},
  number = {3-4},
  pages = {241--264},
  year = {2010}
}

@article{maritz2023hybrid,
  title = {Hybrid Entrepreneurs as the Neoteric Driver of Skill Variety and Economic Prosperity},
  author = {Maritz, A. and Nguyen, Q. and Ismail, A.},
  journal = {Administrative Sciences},
  volume = {13},
  number = {6},
  pages = {140},
  year = {2023}
}

@article{mcgee2009entrepreneurial,
  title = {Entrepreneurial self--efficacy: Refining the measure},
  author = {McGee, J. E. and Peterson, M. and Mueller, S. L. and Sequeira, J. M.},
  journal = {Entrepreneurship theory and Practice},
  volume = {33},
  number = {4},
  pages = {965--988},
  year = {2009}
}

@book{miller2005managing,
  title = {Managing for the Long Run: Lessons in Competitive Advantage from Great Family Businesses},
  author = {Miller, D. and Le Breton-Miller, I.},
  year = {2005},
  publisher = {Harvard Business School Press},
  address = {Boston}
}

@article{morris2023drivers,
  title = {Drivers of fragility in the ventures of poverty entrepreneurs},
  author = {Morris, M. H. and Soleimanof, S. and Tucker, R.},
  journal = {Small Business Economics},
  volume = {61},
  number = {1},
  pages = {305--323},
  year = {2023}
}

@article{muehlfeld2017entrepreneurs,
  title = {Entrepreneurs' Exploratory Perseverance in Learning Settings},
  author = {Muehlfeld, K. and Urbig, D. and Weitzel, U.},
  journal = {Entrepreneurship Theory and Practice},
  volume = {41},
  number = {4},
  pages = {533--565},
  year = {2017}
}

@article{newman2019entrepreneurial,
  title = {Entrepreneurial self-efficacy: A systematic review of the literature on its theoretical foundations, measurement, antecedents, and outcomes, and an agenda for future research},
  author = {Newman, A. and Obschonka, M. and Schwarz, S. and Cohen, M. and Nielsen, I.},
  journal = {Journal of Vocational Behavior},
  volume = {110},
  pages = {403--419},
  year = {2019}
}

@article{nicolaou2003academic,
  title = {Academic networks in a trichotomous categorisation of university spinouts},
  author = {Nicolaou, N. and Birley, S.},
  journal = {Journal of Business Venturing},
  volume = {18},
  number = {3},
  pages = {333--359},
  year = {2003}
}

@article{nicolaou2003social,
  title = {Social networks in organizational emergence: The university spinout phenomenon},
  author = {Nicolaou, N. and Birley, S.},
  journal = {Management science},
  volume = {49},
  number = {12},
  pages = {1702--1725},
  year = {2003}
}

@article{nyberg2021people,
  title = {The People Still Make the (Remote Work-) Place: Lessons from a Pandemic},
  author = {Nyberg, A. J. and Shaw, J. D. and Zhu, J.},
  journal = {Journal of Management},
  volume = {47},
  number = {8},
  pages = {1967--1976},
  year = {2021}
}

@article{okolie2024longitudinal,
  title = {A Longitudinal Study of Conditional Student Entrepreneurship in an Emerging Economy},
  author = {Okolie, U. C.},
  journal = {Entrepreneurship Theory and Practice},
  volume = {0},
  number = {0},
  pages = {10422587241254062},
  year = {2024}
}

@article{patel2014sticking,
  title = {Sticking It Out: Individual Attributes and Persistence in Self-Employment},
  author = {Patel, P. C. and Thatcher, S. M. B.},
  journal = {Journal of Management},
  volume = {40},
  number = {7},
  pages = {1932--1979},
  year = {2014}
}

@article{petrova2012part,
  title = {Part-time entrepreneurship and financial constraints: evidence from the Panel Study of Entrepreneurial Dynamics},
  author = {Petrova, K.},
  journal = {Small business economics},
  volume = {39},
  pages = {473--493},
  year = {2012}
}

@article{pollack2019hybrid,
  title = {Hybrid entrepreneurs' self-efficacy and persistence change: A longitudinal exploration},
  author = {Pollack, J. M. and Carr, J. C. and Michaelis, T. L. and Marshall, D. R.},
  journal = {Journal of Business Venturing Insights},
  volume = {12},
  pages = {e00143},
  year = {2019}
}

@article{prottas2006stress,
  title = {Stress, satisfaction, and the work-family interface: A comparison of self-employed business owners, independents, and organizational employees},
  author = {Prottas, D. J. and Thompson, C. A.},
  journal = {Journal of Occupational Health Psychology},
  volume = {11},
  number = {4},
  pages = {366--378},
  year = {2006}
}

@article{raffiee2014should,
  title = {Should I quit my day job?: A hybrid path to entrepreneurship},
  author = {Raffiee, J. and Feng, J.},
  journal = {Academy of Management Journal},
  volume = {57},
  number = {4},
  pages = {936--963},
  year = {2014}
}

@article{ravenelle2019were,
  title = {"We're not uber:" control, autonomy, and entrepreneurship in the gig economy},
  author = {Ravenelle, A. J.},
  journal = {Journal of Managerial Psychology},
  volume = {34},
  number = {4},
  pages = {269--285},
  year = {2019}
}

@inproceedings{ribeiro2023hybrid,
  title = {Hybrid Entrepreneurship: A Systematic Review},
  author = {Ribeiro, M. I. B. and Lopes, I. M. and Victor, J. A. M. and Fernandes, A. J. G.},
  booktitle = {Proceedings of International Conference},
  year = {2023},
  address = {Singapore}
}

@article{rogiers2024end,
  title = {The End of Jobs? Paradoxes of Job Deconstruction in Organizations},
  author = {Rogiers, P. and Collings, D. G.},
  journal = {Academy of Management Perspectives},
  number = {ja},
  pages = {amp. 2022.0236},
  year = {2024}
}

@article{scott2020moonlighting,
  title = {Moonlighting to the side hustle: The effect of working an extra job on household poverty for households with less formal education},
  author = {Scott, J. and Edwards, K. and Stanczyk, A.},
  journal = {Families in Society},
  volume = {101},
  number = {3},
  pages = {324--339},
  year = {2020}
}

@article{scuotto2022extending,
  title = {Extending knowledge-based view: Future trends of corporate social entrepreneurship to fight the gig economy challenges},
  author = {Scuotto, V. and Lemaire, S. L. L. and Magni, D. and Maalaoui, A.},
  journal = {Journal of Business Research},
  volume = {139},
  pages = {1111--1122},
  year = {2022}
}

@article{sessions2021do,
  title = {Do the hustle! Empowerment from side-hustles and its effects on full-time work performance},
  author = {Sessions, H. and Nahrgang, J. D. and Vaulont, M. J. and Williams, R. and Bartels, A. L.},
  journal = {Academy of Management Journal},
  volume = {64},
  number = {1},
  pages = {235--264},
  year = {2021}
}

@article{shepherd2022machines,
  title = {Machines augmenting entrepreneurs: Opportunities (and threats) at the Nexus of artificial intelligence and entrepreneurship},
  author = {Shepherd, D. A. and Majchrzak, A.},
  journal = {Journal of Business Venturing},
  volume = {37},
  number = {4},
  pages = {106227},
  year = {2022}
}



@article{short2009family,
  title = {Family Firms and Entrepreneurial Orientation in Publicly Traded Firms: A Comparative Analysis of the S\&P 500},
  author = {Short, J. C. and Payne, G. T. and Brigham, K. H. and Lumpkin, G. T. and Broberg, J. C.},
  journal = {Family Business Review},
  volume = {22},
  number = {1},
  pages = {9--24},
  year = {2009}
}

@article{stephan2023psychological,
  title = {Psychological well-being of hybrid entrepreneurs: A replication and extension study using German panel data},
  author = {Stephan,